<record xmlns="http://www.loc.gov/MARC21/slim" xmlns:xsi="http://www.w3.org/2001/XMLSchema-instance" xsi:schemaLocation="http://www.loc.gov/MARC21/slim http://www.loc.gov/standards/marcxml/schema/MARC21slim.xsd"><leader>01801nam a2200397   4500</leader><controlfield tag="001">3072288</controlfield><controlfield tag="003">NNC</controlfield><controlfield tag="006">m        d        </controlfield><controlfield tag="007">cr cn |||m|||a</controlfield><controlfield tag="008">150110s1943    ua      ob    000 0 arard</controlfield><datafield ind1=" " ind2=" " tag="040"><subfield code="a">NNU</subfield><subfield code="b">eng</subfield><subfield code="c">NNU</subfield></datafield><datafield ind1=" " ind2=" " tag="043"><subfield code="a">f-ua---</subfield></datafield><datafield ind1=" " ind2=" " tag="090"><subfield code="a">PJ8206</subfield><subfield code="b">.K45 1943</subfield></datafield><datafield ind1="1" ind2=" " tag="100"><subfield code="6">880-01</subfield><subfield code="a">Khu&#772;li&#772;, Ami&#772;n.</subfield></datafield><datafield ind1="1" ind2="0" tag="245"><subfield code="6">880-02</subfield><subfield code="a">Fi&#772; al-adab al-Mis&#803;ri&#772;</subfield><subfield code="h">[electronic resource] /</subfield><subfield code="c">ta&#700;li&#772;f Ami&#772;n al-Khu&#772;li&#772;.</subfield></datafield><datafield ind1=" " ind2=" " tag="250"><subfield code="6">880-03</subfield><subfield code="a">al-T&#803;ab&#699;ah 1.</subfield></datafield><datafield ind1=" " ind2=" " tag="260"><subfield code="6">880-04</subfield><subfield code="a">[al-Qa&#772;hirah] :</subfield><subfield code="b">Mat&#803;ba&#699;at al-Ma&#699;a&#772;rif wa-Maktabatuha&#772; bi-Mis&#803;r,</subfield><subfield code="c">1943.</subfield></datafield><datafield ind1=" " ind2=" " tag="300"><subfield code="a">online resource (144 p.)</subfield></datafield><datafield ind1=" " ind2=" " tag="500"><subfield code="a">"Fikrah wa-manhaj"--Cover.</subfield></datafield><datafield ind1=" " ind2=" " tag="500"><subfield code="a">Part of the Arabic Collections Online (ACO) project, contributed by Columbia University Libraries.</subfield></datafield><datafield ind1=" " ind2=" " tag="504"><subfield code="a">Includes bibliographical references.</subfield></datafield><datafield ind1=" " ind2=" " tag="533"><subfield code="a">Electronic reproduction.</subfield><subfield code="b">New York, N.Y. :</subfield><subfield code="c">New York University,</subfield><subfield code="d">2015.</subfield><subfield code="5">NNU</subfield></datafield><datafield ind1=" " ind2="0" tag="650"><subfield code="a">Arabic literature</subfield><subfield code="z">Egypt</subfield><subfield code="x">History and criticism.</subfield></datafield><datafield ind1=" " ind2="7" tag="650"><subfield code="a">Arabic literature.</subfield><subfield code="2">fast</subfield><subfield code="0">(OCoLC)fst00812478</subfield></datafield><datafield ind1=" " ind2="7" tag="651"><subfield code="a">Egypt.</subfield><subfield code="2">fast</subfield><subfield code="0">(OCoLC)fst01208755</subfield></datafield><datafield ind1=" " ind2="7" tag="655"><subfield code="a">Criticism, interpretation, etc.</subfield><subfield code="2">fast</subfield><subfield code="0">(OCoLC)fst01411635</subfield></datafield><datafield ind1="2" ind2=" " tag="710"><subfield code="a">Columbia University.</subfield><subfield code="b">Libraries.</subfield></datafield><datafield ind1="0" ind2=" " tag="730"><subfield code="a">Arabic Collections Online.</subfield></datafield><datafield ind1="0" ind2="8" tag="776"><subfield code="i">Print version:</subfield><subfield code="a">Khu&#772;li&#772;, Ami&#772;n.</subfield><subfield code="t">Fi&#772; al-adab al-Mis&#803;ri&#772;</subfield><subfield code="w">(NNC)3072288</subfield><subfield code="w">(OCoLC)41162541</subfield></datafield><datafield ind1="4" ind2="0" tag="856"><subfield code="u">http://hdl.handle.net/2333.1/msbcc4dc</subfield></datafield><datafield ind1="1" ind2=" " tag="880"><subfield code="6">100-01/r</subfield><subfield code="a">&#8207;&#1582;&#1608;&#1604;&#1610;&#1548; &#1571;&#1605;&#1610;&#1606;.</subfield></datafield><datafield ind1="1" ind2="0" tag="880"><subfield code="6">245-02/r</subfield><subfield code="a">&#8207;&#1601;&#1610; &#1575;&#1604;&#1571;&#1583;&#1576; &#1575;&#1604;&#1605;&#1589;&#1585;&#1610; /&#8207;</subfield><subfield code="c">&#8207;&#1571;&#1605;&#1610;&#1606; &#1575;&#1604;&#1582;&#1608;&#1604;&#1610;.&#8207;</subfield></datafield><datafield ind1=" " ind2=" " tag="880"><subfield code="6">250-03/r</subfield><subfield code="a">&#8207;&#1575;&#1604;&#1591;&#1576;&#1593;&#1577; 1.</subfield></datafield><datafield ind1=" " ind2=" " tag="880"><subfield code="6">260-04/r</subfield><subfield code="a">[&#1575;&#1604;&#1602;&#1575;&#1607;&#1585;&#1577;] :</subfield><subfield code="b">&#1605;&#1591;&#1576;&#1593;&#1577; &#1575;&#1604;&#1605;&#1593;&#1575;&#1585;&#1601; &#1608;&#1605;&#1603;&#1578;&#1576;&#1578;&#1607;&#1575; &#1576;&#1605;&#1589;&#1585;&#1548;</subfield><subfield code="c">1943.</subfield></datafield><datafield ind1=" " ind2=" " tag="959"><subfield code="a">NNU</subfield><subfield code="b">WEB</subfield><subfield code="c">GENI</subfield><subfield code="t">0</subfield><subfield code="m">Electronic access</subfield><subfield code="s">01</subfield></datafield><datafield ind1=" " ind2=" " tag="999"><subfield code="i">NNC_3072288</subfield><subfield code="o">(OCoLC)41162541</subfield></datafield></record>